<record><leader>00000cas a22000007a 4500</leader><controlfield tag="001">2269127</controlfield><controlfield tag="008">760620c19719999paudn ne      0    0eng d</controlfield><controlfield tag="009">54</controlfield><datafield ind1=" " ind2=" " tag="010"><subfield code="a">sn 86083381 </subfield></datafield><datafield ind1=" " ind2=" " tag="040"><subfield code="a">PIT</subfield><subfield code="b">eng</subfield><subfield code="c">PIT</subfield><subfield code="d">NPH</subfield><subfield code="d">CUS</subfield><subfield code="d">OCLCF</subfield></datafield><datafield ind1="1" ind2=" " tag="029"><subfield code="a">AU@</subfield><subfield code="b">000025821103</subfield></datafield><datafield ind1=" " ind2=" " tag="042"><subfield code="a">msc</subfield></datafield><datafield ind1="1" ind2="4" tag="050"><subfield code="a">Newspaper</subfield></datafield><datafield ind1="0" ind2="0" tag="245"><subfield code="a">Valley news dispatch.</subfield></datafield><datafield ind1=" " ind2=" " tag="260"><subfield code="a">New Kensington, Pa. :</subfield><subfield code="b">Valley News Dispatch,</subfield><subfield code="c">1971-</subfield></datafield><datafield ind1=" " ind2=" " tag="300"><subfield code="a">v. :</subfield><subfield code="b">ill.</subfield></datafield><datafield ind1=" " ind2=" " tag="310"><subfield code="a">Daily (except Sun.)</subfield></datafield><datafield ind1="0" ind2=" " tag="362"><subfield code="a">80th year, no. 290 (Nov. 1, 1971)-</subfield></datafield><datafield ind1=" " ind2=" " tag="500"><subfield code="a">Also published in Tarentum and Vandergrift, Pa.</subfield></datafield><datafield ind1=" " ind2=" " tag="500"><subfield code="a">"Serving the 4-county Allegheny-Kiski Valley."</subfield></datafield><datafield ind1=" " ind2="0" tag="651"><subfield code="a">New Kensington (Pa.)</subfield><subfield code="v">Newspapers.</subfield></datafield><datafield ind1=" " ind2="0" tag="651"><subfield code="a">Tarentum (Pa.)</subfield><subfield code="v">Newspapers.</subfield></datafield><datafield ind1=" " ind2="0" tag="651"><subfield code="a">Vandergrift (Pa.)</subfield><subfield code="v">Newspapers.</subfield></datafield><datafield ind1=" " ind2="7" tag="655"><subfield code="a">Newspapers.</subfield><subfield code="2">fast</subfield><subfield code="0">(OCoLC)fst01423814</subfield></datafield><datafield ind1=" " ind2="7" tag="651"><subfield code="a">Pennsylvania</subfield><subfield code="z">New Kensington.</subfield><subfield code="2">fast</subfield><subfield code="0">(OCoLC)fst01222056</subfield></datafield><datafield ind1=" " ind2="7" tag="651"><subfield code="a">Pennsylvania</subfield><subfield code="z">Tarentum.</subfield><subfield code="2">fast</subfield><subfield code="0">(OCoLC)fst01218576</subfield></datafield><datafield ind1=" " ind2="7" tag="651"><subfield code="a">Pennsylvania</subfield><subfield code="z">Vandergrift.</subfield><subfield code="2">fast</subfield><subfield code="0">(OCoLC)fst01223405</subfield></datafield><datafield ind1="0" ind2="8" tag="776"><subfield code="i">Online version:</subfield><subfield code="t">Valley news dispatch (Online)</subfield><subfield code="w">(DLC)   86083381</subfield><subfield code="w">(OCoLC)233143452</subfield></datafield><datafield ind1=" " ind2=" " tag="752"><subfield code="a">United States</subfield><subfield code="b">Pennsylvania</subfield><subfield code="c">Westmoreland</subfield><subfield code="d">New Kensington.</subfield></datafield><datafield ind1=" " ind2=" " tag="752"><subfield code="a">United States</subfield><subfield code="b">Pennsylvania</subfield><subfield code="c">Allegheny</subfield><subfield code="d">Tarentum.</subfield></datafield><datafield ind1=" " ind2=" " tag="752"><subfield code="a">United States</subfield><subfield code="b">Pennsylvania</subfield><subfield code="c">Westmoreland</subfield><subfield code="d">Vandergrift.</subfield></datafield><datafield ind1="0" ind2="4" tag="780"><subfield code="t">Daily dispatch, the Valley daily news</subfield><subfield code="w">(DLC)sn 86083380</subfield></datafield><datafield ind1="0" ind2="4" tag="780"><subfield code="t">Valley daily news, daily dispatch</subfield><subfield code="w">(DLC)sn 88079345</subfield></datafield></record>